%chapter1
#1
@article{bhavya2021stock,
  title={Stock Market Prediction Using Twitter Sentiment Analysis},
  author={Reddy, V Kranthi Sai},
  journal={International Research Journal of Engineering and Technology (IRJET)},
  volume={08},
  number={10},
  year={2021}
}


#2
@inproceedings{siersdorfer2010useful,
  title={How useful are your comments? Analyzing and predicting YouTube comments and comment ratings},
  author={Siersdorfer, Stefan and Chelaru, Sergiu and Nejdl, Wolfgang and San Pedro, Jose},
  booktitle={Proceedings of the 19th international conference on World wide web},
  pages={891--900},
  year={2010}
}

#3
@inproceedings{sureka2010mining,
  title={Mining youtube to discover extremist videos, users and hidden communities},
  author={Sureka, Ashish and Kumaraguru, Ponnurangam and Goyal, Atul and Chhabra, Sidharth},
  booktitle={Asia information retrieval symposium},
  pages={13--24},
  year={2010},
  organization={Springer}
}

#4
@article{cheong2011social,
  title={Social Media Data Mining: A Social Network Analysis Of Tweets During The 2010-2011 Australian Floods.},
  author={Cheong, France and Cheong, Christopher},
  journal={PACIS},
  volume={11},
  pages={46--46},
  year={2011}
}

#5
@inproceedings{benevenuto2008identifying,
  title={Identifying video spammers in online social networks},
  author={Benevenuto, Fabricio and Rodrigues, Tiago and Almeida, Virgilio and Almeida, Jussara and Zhang, Chao and Ross, Keith},
  booktitle={Proceedings of the 4th international workshop on Adversarial information retrieval on the web},
  pages={45--52},
  year={2008}
}

#6
@misc{bhandari2017stock,
  title={Stock market trend prediction using sentiment analysis},
  author={Bhandari, Nirdesh},
  year={2017}
}

#7
@article{mittal2012stock,
  title={Stock prediction using twitter sentiment analysis},
  author={Mittal, Anshul and Goel, Arpit},
  journal={Standford University, CS229 (2011 http://cs229. stanford. edu/proj2011/GoelMittal-StockMarketPredictionUsingTwitterSentimentAnalysis. pdf)},
  volume={15},
  pages={2352},
  year={2012}
}

#8
@inproceedings{krishna2013polarity,
  title={Polarity trend analysis of public sentiment on YouTube},
  author={Krishna, Amar and Zambreno, Joseph and Krishnan, Sandeep},
  booktitle={Proceedings of the 19th international conference on management of data},
  pages={125--128},
  year={2013}
}

#9
@article{nemes2021prediction,
  title={Prediction of stock values changes using sentiment analysis of stock news headlines},
  author={Nemes, L{\'a}szl{\'o} and Kiss, Attila},
  journal={Journal of Information and Telecommunication},
  volume={5},
  number={3},
  pages={375--394},
  year={2021},
  publisher={Taylor \& Francis}
}

#10
@inproceedings{shah2018predicting,
  title={Predicting the effects of news sentiments on the stock market},
  author={Shah, Dev and Isah, Haruna and Zulkernine, Farhana},
  booktitle={2018 IEEE International Conference on Big Data (Big Data)},
  pages={4705--4708},
  year={2018},
  organization={IEEE}
}

#11
@inproceedings{peng2019analysis,
  title={Analysis of investor sentiment and stock market volatility trend based on big data strategy},
  author={Peng, Du},
  booktitle={2019 International Conference on Robots \& Intelligent System (ICRIS)},
  pages={269--272},
  year={2019},
  organization={IEEE}
}

#12
@inproceedings{cakra2015stock,
  title={Stock price prediction using linear regression based on sentiment analysis},
  author={Cakra, Yahya Eru and Trisedya, Bayu Distiawan},
  booktitle={2015 international conference on advanced computer science and information systems (ICACSIS)},
  pages={147--154},
  year={2015},
  organization={IEEE}
}

#13
@article{gururaj2019stock,
  title={Stock market prediction using linear regression and support vector machines},
  author={Gururaj, Vaishnavi and Shriya, VR and Ashwini, K},
  journal={Int. J. Appl. Eng. Res},
  volume={14},
  number={8},
  pages={1931--1934},
  year={2019}
}

#13
@article{valle2021does,
  title={Does twitter affect stock market decisions? financial sentiment analysis during pandemics: A comparative study of the h1n1 and the covid-19 periods},
  author={Valle-Cruz, David and Fernandez-Cortez, Vanessa and L{\'o}pez-Chau, Asdr{\'u}bal and Sandoval-Almaz{\'a}n, Rodrigo},
  journal={Cognitive computation},
  pages={1--16},
  year={2021},
  publisher={Springer}
}

#14
@inproceedings{gondaliya2021sentiment,
  title={Sentiment analysis and prediction of Indian stock market amid Covid-19 pandemic},
  author={Gondaliya, Chetan and Patel, Ajay and Shah, Tirthank},
  booktitle={IOP Conference Series: Materials Science and Engineering},
  volume={1020},
  number={1},
  pages={012023},
  year={2021},
  organization={IOP Publishing}
}

#15
@inproceedings{wang2013sentimental,
  title={Sentimental space based analysis of user personalized sentiments},
  author={Wang, Xinzhi and Luo, Xiangfeng},
  booktitle={2013 ninth international conference on semantics, knowledge and grids},
  pages={151--156},
  year={2013},
  organization={IEEE}
}

#16
@article{bhardwaj2015sentiment,
  title={Sentiment analysis for Indian stock market prediction using Sensex and nifty},
  author={Bhardwaj, Aditya and Narayan, Yogendra and Dutta, Maitreyee and others},
  journal={Procedia computer science},
  volume={70},
  pages={85--91},
  year={2015},
  publisher={Elsevier}
}


%chapter3
#17
@misc{noauthor_count_2020,
	title = {Count {NaN} or missing values in {Pandas} {DataFrame}},
	url = {https://www.geeksforgeeks.org/count-nan-or-missing-values-in-pandas-dataframe/},
	abstract = {A Computer Science portal for geeks. It contains well written, well thought and well explained computer science and programming articles, quizzes and practice/competitive programming/company interview Questions.},
	language = {en-us},
	urldate = {2021-09-18},
	journal = {GeeksforGeeks},
	month = jul,
	year = {2020},
	note={\url{https://www.geeksforgeeks.org/count-nan-or-missing-values-in-pandas-dataframe/}}
}

#18
@article{papadamou2020direct,
  title={Direct and indirect effects of COVID-19 pandemic on implied stock market volatility: Evidence from panel data analysis},
  author={Papadamou, Stephanos and Fassas, Athanasios and Kenourgios, Dimitris and Dimitriou, Dimitrios},
  year={2020}
}

#19
@article{reddy2018stock,
  title={Stock market prediction using machine learning},
  author={Reddy, V Kranthi Sai},
  journal={International Research Journal of Engineering and Technology (IRJET)},
  volume={5},
  number={10},
  pages={1033--1035},
  year={2018}
}

#20
@inproceedings{nguyen2015topic,
  title={Topic modeling based sentiment analysis on social media for stock market prediction},
  author={Nguyen, Thien Hai and Shirai, Kiyoaki},
  booktitle={Proceedings of the 53rd Annual Meeting of the Association for Computational Linguistics and the 7th International Joint Conference on Natural Language Processing (Volume 1: Long Papers)},
  pages={1354--1364},
  year={2015}
}

#21
@inproceedings{singh2014approach,
  title={An approach towards feature specific opinion mining and sentimental analysis across e-commerce websites},
  author={Singh, Prashast Kumar and Sachdeva, Arjit and Mahajan, Dhruv and Pande, Nishtha and Sharma, Amit},
  booktitle={2014 5th International Conference-Confluence The Next Generation Information Technology Summit (Confluence)},
  pages={329--335},
  year={2014},
  organization={IEEE}
}

#22
@inproceedings{prasadinternational,
  title={Prediction of Stock Values using Sentiment Analysis on Twitter Data},
  author={Aishwarya .V  and Dr. Vani Priya},
  year={2018},
  organization={International Journal of Science and Research (IJSR)}
}

#23
@article{biswas2020examining,
  title={Examining the effects of pandemics on stock market trends through sentiment analysis},
  author={Biswas, Sandipan and Sarkar, Indranil and Das, Prasenjit and Bose, Rajesh and Roy, Sandip},
  journal={Journal of Xidian University},
  volume={14},
  number={6},
  pages={1163--1176},
  year={2020}
}

#24
@article{dean2021many,
  title={How Many People Use Twitter in 2021?[New Twitter Stats]},
  author={Dean, Brian},
  journal={Backlinko, Feb},
  volume={10},
  pages={2021},
  year={2021}
}

